@Book{SSA,
  author =       {Н. Э. Голяндина},
  title =        {Метод <<Гусеница>>-SSA: анализ временных рядов: Учеб. пособие},
  publisher = {ВВМ},
  address =      {Санкт-Петербург},
  year =         2004,
  language =     {russian}
}

@Manual{Rssa,
	Title = {\textsc{Rssa}: A collection of methods for singular spectrum analysis},
	Author = {A. Korobeynikov and A. Shlemov and K. Usevich and N. Golyandina},
	Note = {R~package version~1.0},
	Year = {2016},	
	Url = {http://CRAN.R-project.org/package=Rssa}
}
 @Manual{pcaL1,
	title = {pcaL1: L1-Norm PCA Methods},
	author = {Sapan Jot and J. Paul Brooks and Andrea Visentin and Young Woong Park},
	year = {2017},
	note = {R package version 1.5.2},
}

@inproceedings{pcaL1book,
	title={pca{L1}: An Implementation in {R} of Three Methods for {L1}-Norm Principal Component Analysis},
	author={J. Paul Brooks and Sapan Jot},
	year={2013}
}

@article{Climatic,
	author =       { M. Ghil and R. M. Allen and M. D. Dettinger and K. Ide and D. Kondrashov},
    title =        {Advanced spectral methods for climatic time series},
    year =         2002,
	journal={Reviews of Geophysics},
	volume = {40},
	number = {1},
	pages = {1--41},
}

@article{Dynamic1,
	author =       { D. Broomhead and G. King},
	title =        {Extracting qualitative dynamics from experimental data},
	journal={Physica D},
	volume = {20},
	year =  1986,
	pages = {217--236},
}

@article{Dynamic2,
	author =       { M. Vautard and M. Ghil},
	title =        {Singular Spectrum Analysis in Nonlinear Dynamics, with Applications to Paleoclimatic Time Series},
	year =         1989,
	journal={Physica D},
	volume = {35},
	pages = {395--424},
}

@Article{pcaMethods_article,
	title = {pca{M}ethods -- a {B}ioconductor package providing {PCA} methods for incomplete data},
	author = {Wolfram Stacklies and Henning Redestig and Matthias Scholz and Dirk Walther and Joachim Selbig},
	journal = {Bioinformatics},
	year = {2007},
	pages = {1164--1167},
	volume = {23},
}

@Manual{pcaMethods,
	title = {pcaMethods -- a Bioconductor package providing PCA methods for incomplete data},
	author = {Wolfram Stacklies and Henning Redestig and Matthias Scholz and Dirk Walther and Joachim Selbig},
	year = {2007},
	note = {R package version 1.72.0},
	url = {https://bioconductor.org/biocLite.R},
}

@Book{vkr,
	author =       {А. Л. Третьякова},
	title =        {Устойчивые варианты метода SSA для анализа временных рядов: выпускная квалификационная работа, науч.рук. к.ф.-м.н., доцент Голяндина Н.Э. },
	year =         2018,
	language =     {russian}
}

@article{Rodrigues,
	author = {Rodrigues, Paulo and Lourenco, Vanda and Mahmoudvand, Rahim},
	year = {2018},
	month = {06},
	pages = {},
	title = {A robust approach to singular spectrum analysis},
	volume = {34},
	journal = {Quality and Reliability Engineering International},
	doi = {10.1002/qre.2337}
}

@inproceedings{Hawkins,
	title={Robust Singular Value Decomposition Technical Report Number 122, {N}ational {I}nstitute of {S}tatistical {S}ciences 19},
	author={Douglas M. Hawkins and Li Liu and S. Stanley Young},
	year={2002}
}

@article{Chen,
	author = {Chen, Ke and Sacchi, Mauricio},
	year = {2015},
	month = {01},
	pages = {V1-V11},
	title = {Robust reduced-rank filtering for erratic seismic noise attenuation},
	volume = {80},
	journal = {GEOPHYSICS},
	doi = {10.1190/geo2014-0116.1}
}

@book{Chvatal,
	title={Linear Programming},
	author={Chv{\'a}tal, V.},
	isbn={9780716711957},
	lccn={82021132},
	series={Series of books in the mathematical sciences},
	year={1983},
	address ={New York},
	publisher={W.H. Freeman Company}
}

@article{Optimal,
	author = {Markopoulos, Panos and Karystinos, George and Pados, Dimitris},
	year = {2014},
	month = {10},
	pages = {5046-5058},
	title = {Optimal Algorithms for {L}1-subspace Signal Processing},
	volume = {62},
	journal = {IEEE Transactions on Signal Processing},
	doi = {10.1109/TSP.2014.2338077}
}

@Book{Golub,
	Title                    = {Matrix Computations},
	Author                   = {Golub, Gene H. and Van Loan, Charles F.},
	Publisher                = {The Johns Hopkins University Press},
	Year                     = {1996},
	Edition                  = {Third}
}


@article{lowess,
	author = { William S.   Cleveland },
	title = {Robust Locally Weighted Regression and Smoothing Scatterplots},
	journal = {Journal of the American Statistical Association},
	volume = {74},
	number = {368},
	pages = {829-836},
	year  = {1979},
	publisher = {Taylor & Francis},
	doi = {10.1080/01621459.1979.10481038},	
}

@article{Zvonarev,
	title={Iterative algorithms for weighted and unweighted finite-rank time-series approximations},
	author={N. Zvonarev and Nina Golyandina},
	journal={arXiv: Methodology},
	year={2015},
	pages={5-18}
}

@conference{KeKanade,
	author = {Qifa Ke and Takeo Kanade},
	title = {Robust L1 Norm Factorization in the Presence of Outliers and Missing Data by Alternative Convex Programming},
	booktitle = {Proceedings of IEEE Conference on Computer Vision and Pattern Recognition (CVPR 2005)},
	year = {2005},
	month = {June},
}

@article{MGN,
	title={Image space projection for low-rank signal estimation: Modified Gauss-Newton method},
	author={Zvonarev, Nikita and Golyandina, Nina},
	journal={arXiv preprint arXiv:1803.01419},
	year={2018}
}

@misc{MGNcode,
	author = {Zvonarev, Nikita},
	title = {R code for {M}odified {G}auss-{N}ewton algorithm},
	year = {2019},
	publisher = {GitHub},
	journal = {GitHub repository},
	howpublished = {\url{https://github.com/neg99/MGN}},
}


@Book{SSA_and_rel_tech,
	Title                    = {Analysis of Time Series Structure: S{S}{A} and Related Techniques},
	Author                   = {Golyandina, Nina and Nekrutkin, Vladimir and Zhigljavsky, Anatoly.},
	Publisher                = {Chapman \& Hall/CRC},
	address =      {Boca Raton, Fla.},
	Year                     = {2001}
}

@Manual{svd,
	title = {svd: Interfaces to Various State-of-Art SVD and Eigensolvers},
	author = {Anton Korobeynikov and Rasmus Munk Larsen and {Lawrence Berkeley National Laboratory}},
	year = {2017},
	note = {R package version 0.4.1},
	url = {https://CRAN.R-project.org/package=svd},
}

@article{svd_article,
author = {Korobeynikov, Anton},
year = {2009},
month = {11},
pages = {},
title = {Computation- and Space-Efficient Implementation of {SSA}},
volume = {3},
journal = {Stat. Interface},
doi = {10.4310/SII.2010.v3.n3.a9}
}

@misc{RealSeries,
	author = {{U.S. Bureau of Economic Analysis} and {U.S. Census Bureau}},
	title = {{U.S.} Imports of Goods by Customs Basis from {K}uwait},
	year = {2020},
	publisher = {FRED, Federal Reserve Bank of St. Louis},
	howpublished = {\url{https://fred.stlouisfed.org/series/IMP5130}},
}

@article{gapfill,
	author = { N. Golyandina and E. Osipov },
	title = {The "{C}aterpillar"-{SSA} method for analysis of time series with missing values},
	journal = {Journal of Statistical Planning and Inference},
	volume = {137},
	number = {8},
	pages = {2642--2653},
	year  = {2007},
	
}


